% Encoding: UTF-8
@Comment{jabref-meta: databaseType:biblatex;}

@online{GuardianOpinion,
  author = {Sean O'Hagan},
  title = {Analogue artists defying the digital age},
  year = 2011,
  url = {https://www.theguardian.com/culture/2011/apr/24/mavericks-defying-digital-age}
}

@online{juliusdobos,
  author = {Julius Dobos},
  title = {Analog vs. Digital Synthesizers â€“ My Take on the Old Debate},
  year = 2012,
  url = {https://www.juliusdobos.com/the-philosophy-behind/analog-vs-digital-synthesizers-debate/}
}

@online{harmonics,
  author = {Jeffrey Stolet},
  title = {Sawtooth Waves},
  year = 2012,
  url = {https://pages.uoregon.edu/emi/12.php}
}

@inproceedings{methodes,
  TITLE = {{State of the Art in Sound Texture Synthesis}},
  AUTHOR = {Schwarz, Diemo},
  URL = {https://hal.archives-ouvertes.fr/hal-01161296},
  NOTE = {                            cote interne IRCAM: Schwarz11c},
  BOOKTITLE = {{Digital Audio Effects (DAFx)}},
  ADDRESS = {Paris, France},
  PAGES = {221--232},
  YEAR = {2011},
  MONTH = Sep,
  KEYWORDS = {additive synthesis ; physical modeling ; corpus-based synthesis ; audio descriptors ; sound textures ; Wavelets ; subtractive synthesis ; granular synthesis ; concatenative synthesis ; statistical modeling ; Informatique musicale},
  PDF = {https://hal.archives-ouvertes.fr/hal-01161296/file/index.pdf},
  HAL_ID = {hal-01161296},
  HAL_VERSION = {v1}
}

@inproceedings{subtractive,
  title={New Approaches to Digital subtractive synthesis.},
  author={Huovilainen, Antti and V{\"a}lim{\"a}ki, Vesa},
  booktitle={ICMC},
  year={2005}
}

@article{guitarpedals,
  title={Computationally efficient music synthesis--methods and sound design},
  author={Pekonen, Jussi},
  journal={Master of Science (Technology) thesis, TKK Helsinki University of Technology, Espoo, Finland},
  year={2007}
}

@article{additive,
 ISSN = {01489267, 15315169},
 URL = {http://www.jstor.org/stable/3680619},
 author = {Desmond K. Phillips},
 journal = {Computer Music Journal},
 number = {1},
 pages = {28--40},
 publisher = {The MIT Press},
 title = {Multirate Additive Synthesis},
 volume = {23},
 year = {1999}
}

@article{granular, 
    ISSN = {00316016}, 
    URL = {http://www.jstor.org/stable/833014}, 
    author = {Barry Truax}, 
    journal = {Perspectives of New Music}, 
    number = {2}, 
    pages = {120--134}, 
    publisher = {Perspectives of New Music}, 
    title = {Composing with Real-Time Granular Sound}, 
    volume = {28},
    year = {1990}
}

@article{wavelet,
  title = {An introduction to wavelets},
  author = {Graps Amara},
  journal = {IEEE computational science and engineering},
  volume = {2},
  number = {2},
  pages = {50--61},
  year = 1995,
  publisher = {IEEE}
}

@misc{beads, title={The Beads Project - Realtime Audio for Java and Processing}, url={http://www.beadsproject.net}, journal={The Beads Project - Realtime Audio for Java and Processing}, author={Bown, Oliver}
} 

@article{beads2,
author = {Bown, Oliver},
title = {Experiments in Modular Design for the Creative Composition of Live Algorithms},
journal = {Computer Music Journal},
volume = {35},
number = {3},
pages = {73-85},
year = {2011},
doi = {10.1162/COMJ\_a\_00070},
URL = {https://doi.org/10.1162/COMJ_a_00070},
eprint = {https://doi.org/10.1162/COMJ_a_00070}
}

@misc{beadsdocs, title={Beads JavaDocs}, url={http://www.beadsproject.net/doc/}, journal={Generated Documentation (Untitled)}, author={Bown, Oliver}
}

@inproceedings{jass,
  title={Jass: a java audio synthesis system for programmers},
  author={van den Doel, Kees and Pai, Dinesh K},
  year={2001},
  organization={Georgia Institute of Technology}
}

@misc{jasscode, title={Real-time audio synthesis using JASS}, url={http://persianney.com/kvdoelcsubc/jass/}, journal={Jass demos}, author={van den Doel, Kees}, year={2010}, month={Jan}
}

@misc{jsyn, title={SoftSynth}, url={http://www.softsynth.com/jsyn/}, journal={JSyn audio synthesis API for Java}, author={Mobileer Inc. and Burk, Phil}, year={2017}, month={Oct}
}

@misc{jsyndocs, title={JSyn JavaDocs}, url={http://www.softsynth.com/jsyn/docs/javadocs/}, journal={Generated Documentation (JSyn)}, author={Burk, Phil}, year={2017}, month={Oct}
}

@misc{jsyngit, title={philburk/jsyn}, url={https://github.com/philburk/jsyn}, journal={GitHub}, author={Philburk}, year={2019}, month={Apr}
}

@misc{bartvincent, title={Bart Vincent}, author={Vincent, Bart and Van Weyenberg, Victor}, year={2019}, month={Apr}, url={https://github.com/VictorVanWeyenberg/Bachelorproef/tree/master/interview/Bart\%20Vincent}
}

@misc{peterboone, title={Peter Boone}, author={Boone, Peter and Van Weyenberg, Victor}, year={2019}, month={Apr}, url={https://github.com/VictorVanWeyenberg/Bachelorproef/tree/master/interview/Peter\%20Boone}
}

@misc{thomashouthave, title={Thomas Houthave}, author={Houthave, Thomas and Van Weyenberg, Victor}, year={2019}, month={Apr}, url={https://github.com/VictorVanWeyenberg/Bachelorproef/tree/master/interview/Thomas\%20Houthave}
}

@misc{vagabundos, title={Vagabundos}, author={Vagabundos and Van Weyenberg, Victor}, year={2019}, month={Apr}, url={https://github.com/VictorVanWeyenberg/Bachelorproef/tree/master/interview/Vagabundos}
}

@book{modular,
  title={Modular Synthesizer Programming in Haskell},
  author={Giorgidze, George},
  year={2008},
  publisher={Citeseer}
}

@misc{vagabio, title={Vagabundos}, url={https://vi.be/vagabundos}, journal={vi.be}, publisher={Poppunt vzw}, author={Poppunt}
}

@misc{klankwerkbio, title={Klankwerk Website}, url={http://klankwerk.be/}, journal={Klankwerk}, author={Houthave, Thomas}
}

@misc{topcommand, url={http://man7.org/linux/man-pages/man1/top.1.html}, journal={top(1) - Linux manual page}, author={Linux/UNIX system programming training}
}

@book{mediansmoothing,
	url={https://books.google.be/books?id=EpEfWvk8mS4C&pg=PA23&lpg=PA23&dq=data+median+smoothing&source=bl&ots=JO2PjW82H0&sig=ACfU3U1-LxBuFoJ3JxWEx8iZaU7ujYmyYA&hl=nl&sa=X&ved=2ahUKEwjv9Jaa1bPiAhUuSBUIHR5TC7U4ChDoATAIegQIBxAB#v=onepage&q=data%20median%20smoothing&f=false},
	title={Statistical Analysis of Epidemiologic Data},
	author={Selvin, Steve}
}

@article{hanning,
	url={https://community.plm.automation.siemens.com/t5/Testing-Knowledge-Base/Window-Types-Hanning-Flattop-Uniform-Tukey-and-Exponential/ta-p/445063},
	author={Phenom, Siemens},
	title={Window Types: Hanning, Flattop, Uniform, Tukey, and Exponential},
	year={2017}
}

@misc{median, title={The median outclasses the mean}, url={https://creativemaths.net/blog/median/}, journal={Creative Maths}, publisher={Dr Nic}, author={Dr Nic}, year={2013}, month={Apr}}
